@inproceedings {partitioning,
author = {Julia Len and Paul Grubbs and Thomas Ristenpart},
title = {Partitioning Oracle Attacks},
booktitle = {30th USENIX Security Symposium (USENIX Security 21)},
year = {2021},
isbn = {978-1-939133-24-3},
pages = {195--212},
url = {https://www.usenix.org/conference/usenixsecurity21/presentation/len},
publisher = {USENIX Association},
month = aug,
}
